<marc:collection xmlns:marc="http://www.loc.gov/MARC21/slim" xmlns:xsi="http://www.w3.org/2001/XMLSchema-instance" xsi:schemaLocation="http://www.loc.gov/MARC21/slim http://www.loc.gov/standards/marcxml/schema/MARC21slim.xsd">
    <marc:record type="Bibliographic">
        <marc:leader>01816cem a22002773a 4500</marc:leader>
        <marc:controlfield tag="001">6866237</marc:controlfield>
        <marc:controlfield tag="005">20141202103518.0</marc:controlfield>
        <marc:controlfield tag="008">110422s1917    xx f      a     1   und d</marc:controlfield>
        <marc:datafield tag="034" ind1="1" ind2=" ">
            <marc:subfield code="a">a</marc:subfield>
            <marc:subfield code="b">250000</marc:subfield>
            <marc:subfield code="d">40.25</marc:subfield>
            <marc:subfield code="e">42</marc:subfield>
            <marc:subfield code="f">35</marc:subfield>
            <marc:subfield code="g">34</marc:subfield>
        </marc:datafield>
        <marc:datafield tag="035" ind1=" " ind2=" ">
            <marc:subfield code="a">(NjP Geomap) 68312</marc:subfield>
        </marc:datafield>
        <marc:datafield tag="040" ind1=" " ind2=" ">
            <marc:subfield code="c">NjP</marc:subfield>
        </marc:datafield>
        <marc:datafield tag="245" ind1="0" ind2="0">
            <marc:subfield code="a">Eastern Turkey in Asia. Ana, sheet 43. Series G.S.G.S. no. 1522</marc:subfield>
        </marc:datafield>
        <marc:datafield tag="255" ind1=" " ind2=" ">
            <marc:subfield code="a">Scale 1:250,000 or 1.014 in. to 4 mi.</marc:subfield>
            <marc:subfield code="c">(E 42°0ʹ--E 40°15ʹ/N 35°0ʹ--N 34°0ʹ)</marc:subfield>
        </marc:datafield>
        <marc:datafield tag="260" ind1=" " ind2=" ">
            <marc:subfield code="a">[London] :</marc:subfield>
            <marc:subfield code="b">[s.n.],</marc:subfield>
            <marc:subfield code="c">1917.</marc:subfield>
        </marc:datafield>
        <marc:datafield tag="300" ind1=" " ind2=" ">
            <marc:subfield code="a">1 map on 50 sheets.</marc:subfield>
        </marc:datafield>
        <marc:datafield tag="500" ind1=" " ind2=" ">
            <marc:subfield code="a">Great Britain. War Office. General Staff. Geographical Section. G.S.G.S. no. 1522a.</marc:subfield>
        </marc:datafield>
        <marc:datafield tag="500" ind1=" " ind2=" ">
            <marc:subfield code="a">Relief shown by form lines and spot heights. Some sheets from this set were revised and issued by War Office. Geographical Section. General Staff, published as G.S.G.S. no. 1522, 1522a. Series covers Mesopotamia and eastern Anatolian parts of Ottoman Empire. "Compiled for the Geographical Section, General Staff, War Office, by Lieut. Col. F.R. Maunsell, C.M.G. [from] Chesney's Euphrates Expedition, 1837, Report on Navigation of Euphrates from Birijik to Feluja, by Mr. H.R. Dobbs, Indian Political Dept. Feb. 1903, The East Bank of the Euphrates from Tel Ahmar to Hit, by Miss G.L. Bell 1909, 'Vom Mittelmeere zum Persischen Golf' by Max Freiherr von Oppenheim, 1893, Capt. T.C. Fowle I.A. April 1910, In Nordostarabien &amp; Sudmesopotamien Prinz Sixtus von Bourbon &amp; A. Musil, 1912." Addition, Apr 1917. With Glossary. Set complete, see index.</marc:subfield>
        </marc:datafield>
        <marc:datafield tag="650" ind1=" " ind2="0">
            <marc:subfield code="a">Relief models.</marc:subfield>
        </marc:datafield>
        <marc:datafield tag="651" ind1=" " ind2="0">
            <marc:subfield code="a">Iraq</marc:subfield>
            <marc:subfield code="v">Maps.</marc:subfield>
        </marc:datafield>
        <marc:datafield tag="651" ind1=" " ind2="7">
            <marc:subfield code="a">Iraq--Muhafazat al-Anbar.</marc:subfield>
            <marc:subfield code="2">local</marc:subfield>
        </marc:datafield>
        <marc:datafield tag="651" ind1=" " ind2="7">
            <marc:subfield code="a">Iraq--Ana.</marc:subfield>
            <marc:subfield code="2">local</marc:subfield>
        </marc:datafield>
        <marc:datafield tag="651" ind1=" " ind2="7">
            <marc:subfield code="a">Iraq--Anah.</marc:subfield>
            <marc:subfield code="2">local</marc:subfield>
        </marc:datafield>
        <marc:datafield tag="651" ind1=" " ind2="7">
            <marc:subfield code="a">Syria--Muhafazat Dayr az-Zawr.</marc:subfield>
            <marc:subfield code="2">local</marc:subfield>
        </marc:datafield>
        <marc:datafield tag="700" ind1="1" ind2=" ">
            <marc:subfield code="a">Maunsell, F. R.</marc:subfield>
        </marc:datafield>
        <marc:datafield tag="852" ind1="8" ind2=" ">
            <marc:subfield code="b">scimcm</marc:subfield>
            <marc:subfield code="h">G7431.C2.s250.W3O3 sh43</marc:subfield>
        </marc:datafield>
        <marc:datafield tag="856" ind1="4" ind2=" ">
            <marc:subfield code="u">http://gisserver.princeton.edu/map/2335</marc:subfield>
        </marc:datafield>
    </marc:record>
    <marc:record type="Holdings">
        <marc:leader>00188nx  a22000851  4500</marc:leader>
        <marc:controlfield tag="001">6779444</marc:controlfield>
        <marc:controlfield tag="004">6866237</marc:controlfield>
        <marc:controlfield tag="005">20111019091044.0</marc:controlfield>
        <marc:controlfield tag="008">1110190u||||8|||4001uu|||0000000</marc:controlfield>
        <marc:datafield tag="852" ind1="8" ind2=" ">
            <marc:subfield code="b">scimcm</marc:subfield>
            <marc:subfield code="h">G7431.C2.s250.W3O3 sh43</marc:subfield>
        </marc:datafield>
    </marc:record>
    <marc:record type="Holdings">
        <marc:leader>00182nx  a22000854  4500</marc:leader>
        <marc:controlfield tag="001">7316538</marc:controlfield>
        <marc:controlfield tag="004">6866237</marc:controlfield>
        <marc:controlfield tag="005">20130513153052.0</marc:controlfield>
        <marc:controlfield tag="008">1305134u    8   1001uu   0901128</marc:controlfield>
        <marc:datafield tag="852" ind1="8" ind2=" ">
            <marc:subfield code="b">elf1</marc:subfield>
            <marc:subfield code="h">Electronic Resource</marc:subfield>
        </marc:datafield>
    </marc:record>
</marc:collection>
